<?xml version="1.0" encoding="UTF-8"?><collection xmlns="http://www.loc.gov/MARC21/slim"><record><leader>00468nam--2200181-u-4500</leader><controlfield tag="001">000056749</controlfield><controlfield tag="002">20190515</controlfield><controlfield tag="005">20190515025707</controlfield><controlfield tag="008">190515s1000------------r-----000-0-rum-d</controlfield><datafield ind1=" " ind2=" " tag="040"><subfield code="a">IFIN-HH</subfield></datafield><datafield ind1=" " ind2=" " tag="041"><subfield code="a">rum</subfield></datafield><datafield ind1="1" ind2=" " tag="100"><subfield code="a">Gamow, George</subfield></datafield><datafield ind1="1" ind2="0" tag="245"><subfield code="a">Treizeci de ani care au zguduit fizica</subfield><subfield code="c">George Gamow</subfield></datafield><datafield ind1=" " ind2=" " tag="260"><subfield code="a">Bucuresti</subfield><subfield code="b">Editura Stiintifica</subfield><subfield code="c">1969</subfield></datafield><datafield ind1=" " ind2=" " tag="300"><subfield code="a">206 p</subfield></datafield><datafield ind1=" " ind2=" " tag="500"><subfield code="a">Donatie Brancus</subfield></datafield><datafield ind1=" " ind2=" " tag="852"><subfield code="a">31519</subfield><subfield code="c">530.145</subfield></datafield><datafield ind1=" " ind2=" " tag="CAT"><subfield code="a">SYS</subfield><subfield code="c">20190515</subfield><subfield code="h">025707</subfield></datafield></record></collection>